<?xml version="1.0" encoding="UTF-8"?><collection xmlns="http://www.loc.gov/MARC21/slim"><record><leader>00316nam--2200133-i-4500</leader><controlfield tag="001">000029191</controlfield><controlfield tag="002">20161230</controlfield><controlfield tag="005">20161230201037</controlfield><controlfield tag="008">060222s1000------------r-----000-0-eng-d</controlfield><datafield ind1=" " ind2=" " tag="080"><subfield code="a">550.34.038</subfield></datafield><datafield ind1=" " ind2=" " tag="100"><subfield code="a">Krumbach, Jena G</subfield></datafield><datafield ind1=" " ind2=" " tag="245"><subfield code="a">Die seismischen instrumente.zweites kapitel</subfield></datafield><datafield ind1=" " ind2=" " tag="260"><subfield code="a">465-566p</subfield></datafield><datafield ind1=" " ind2=" " tag="852"><subfield code="a">47553</subfield></datafield></record></collection>